@article{Allman99,
 author = {Allman, Mark and Falk, Aaron},
 title = {On the Effective Evaluation of TCP},
 journal = {SIGCOMM Comput. Commun. Rev.},
 issue_date = {October 1999},
 volume = {29},
 number = {5},
 month = oct,
 year = {1999},
 issn = {0146-4833},
 pages = {59--70},
 numpages = {12},
 publisher = {ACM},
 address = {New York, NY, USA},
} 
